% This file was created with JabRef 2.6.
% Encoding: Cp1252

@BOOK{PFBook,
  title = {Introduction to Autonomous Mobile Robots},
  publisher = {The MIT Press},
  year = {2004},
  author = {Roland Siegwart and Illah R. Nourbakhsh},
  edition = {1},
  isbn = {026219502X},
  owner = {Behzad},
  timestamp = {2011.02.09}
}

@comment{jabref-meta: selector_publisher:}

@comment{jabref-meta: selector_author:}

@comment{jabref-meta: selector_journal:}

@comment{jabref-meta: selector_keywords:}

