% This file was created with JabRef 2.6.
% Encoding: Cp1252

@OTHER{web:DoxyGen,
  author = {Dimitri van Heesch},
  month = March,
  title = {DoxyGen Website},
  url = {http://www.stack.nl/~dimitri/doxygen/},
  year = {2011}
}
@BOOK{book:holonomicity,
  title = {Introduction to Autonomous Mobile Robots},
  publisher = {The MIT Press},
  pages = {75-80},
  year = {2004},
  author = {Roland Siegwart and Illah R. Nourbakhsh},
  edition = {1},
  isbn = {026219502X},
  owner = {Behzad},
  timestamp = {2011.02.09}
}

@comment{jabref-meta: selector_publisher:}

@comment{jabref-meta: selector_author:}

@comment{jabref-meta: selector_journal:}

@comment{jabref-meta: selector_keywords:}

