% This file was created with JabRef 2.6.
% Encoding: Cp1252

@ARTICLE{paper:OKhatib,
  author = {M. Khatib and R. Chatila},
  title = {An Extended Potential Field Approach for Mobile Robot Sensor-Based
	Motions},
  journal = {in Proceedings of the Intelligent Autonomous Systems IAS-4},
  year = {1995},
  pages = {490-496},
  edition = {1},
  isbn = {026219502X},
  owner = {Behzad},
  publisher = {The MIT Press},
  timestamp = {2011.02.09}
}

@comment{jabref-meta: selector_publisher:}

@comment{jabref-meta: selector_author:}

@comment{jabref-meta: selector_journal:}

@comment{jabref-meta: selector_keywords:}

